\usepackage[numbers]{natbib}

@STRING{huma = {IEEE/RAS Int. Conf. on Humanoid Robotics (Humanoids)}}

@STRING{icra = {IEEE/RAS Int. Conf. on Robotics and Automation (ICRA)}}

@STRING{ihcr = {IEEE/RAS Int. Conf. on Humanoid Robotics (ICHR)}}

@STRING{iros = {IEEE/RSJ Int. Conf. on Intelligent Robots and Systems (IROS)}}


Exact Collision Checking of Robot Paths. F. Schwarzer, M. Saha, and J.C. Latombe, In Algorithmic Foundations of Robotics V, J.D. Boissonnat, J. Burdick, K. Goldberg, and S. Hutchinson (eds.), Springer Tracts in Advanced Robotics, Springer, pp. 25-41, 2004.

@INPROCEEDINGS{Geraerts04clearancebased,
    author = {R. Geraerts and M. Overmars},
    title = {Clearance based path optimization for motion planning},
    booktitle = {IEEE International Conference on Robotics and Automation},
    year = {2004},
    pages = {2386--2392}
}

@MISC{randomShortcutHPP,
    AUTHOR = {F. Lamiraux},
    TITLE = {Random Shortcut code in Hpp},
    howpublished = {\url{https://github.com/humanoid-path-planner/hpp-core/blob/df6d3ffb89555faa254bb42145ff398ed9d8a0c2/src/random-shortcut.cc#L62}},
    YEAR={2014}
}

@inproceedings{SchwarzerExactCollision,
	year={2004},
	booktitle={Algorithmic Foundations of Robotics V},
	title={Exact Collision Checking of Robot Paths},
	author={F. Schwarzer and 
	M. Saha and 
	J.-C. Latombe},
	pages={25-41}
}

@inproceedings{Hirukawa:icra:2007,
  author    = {H. Hirukawa and
               S. Hattori and
               S. Kajita and
               K. Harada and
               K. Kaneko and
               F. Kanehiro and
               M. Morisawa and
               S. Nakaoka},
  title     = {A Pattern Generator of Humanoid Robots Walking on a Rough Terrain},
  booktitle = icra,
  pages     = {2181--2187},
  year      = {2007}
}

@article{Lasseter:1987:PTA:37402.37407,
 author = {John Lasseter},
 title = {Principles of Traditional Animation Applied to 3D Computer Animation},
 journal = {SIGGRAPH Comput. Graph.},
 volume = {21},
 number = {4},
 month = aug,
 year = {1987},
 pages = {35--44},
 numpages = {10},
 publisher = {ACM}
}

@article{HA:2012:FLM,
  author = {Ha, Sehoon and Ye, Yuting and Liu, C. Karen},
  journal = {ACM Transactions on Graphics},
  keywords = {character animation,op-,physics-based animation},
  month = nov,
  number = {6},
  pages = {1},
  title = {{Falling and Landing Motion Control for Character Animation}},
  volume = {31},
  year = {2012}
}

@inproceedings{voronoiOMP,
  author    = {M. Garber and M. Lin},
  title     = {Constraint-based motion planning using voronoi diagrams.},
  booktitle = {Algorithmic Foundations of Robotics V, volume 7 of Springer Tracts in Advanced Robotics},
  pages = {541--558},
  year      = {2004}
}

@inproceedings{itomp2012,
  author    = {C. Park and J. Pan and D. Manocha},
  title     = {{ITOMP:} Incremental Trajectory Optimization for Real-Time Replanning
               in Dynamic Environments},
  booktitle = {Proceedings of the Twenty-Second International Conference on Automated
               Planning and Scheduling, {ICAPS} 2012, Atibaia, S{\~{a}}o Paulo, Brazil},
  year      = {2012}
}


@article{Guernane2011,
title = {Generating optimized paths for motion planning},
journal = {Robotics and Autonomous Systems},
volume = {59},
number = {10},
pages = {789--800},
year = {2011},
author = {R. Guernane and N. Achour}
}

@Unpublished{hpp,
  author = 	 {F. Lamiraux and J. Mirabel},
  title = 	 {Humanoid Path Planner},
  note = 	 {http://projects.laas.fr/gepetto/index.php/Software/Hpp}}

@book{nocedal2006numerical,
  title={Numerical Optimization, Second Edition},
  author={J. Nocedal and S. Wright},
  journal={Numerical optimization},
  pages={497--528},
  year={2006},
  publisher={Springer New York}
}

@article{Sekhavat-Svestka1998,
  author = 	 {S. Sekhavat and P. Svestka and J.-P. Laumond and M. Overmars},
  title = 	 {Multi-level path planning for nonholonomic robots using semi-holonomic subsystems},
  journal = 	 {International Journal of Robotics Research},
  year = 	 1998,
  volume = 	 17,
  number = 	 8,
  pages = 	 {840--857},
  pdf =    {http://projects.laas.fr/gepetto/uploads/Publications/ijrr-sekhavat-\
svestka-1998.pdf}
}

@inproceedings{dalibardSliding,
 author = {S. Dalibard and A. El Khoury and F. Lamiraux and M. Ta\"{i}x and J-P. Laumond},
 booktitle = {Humanoid Robots (Humanoids), 2011 11th IEEE-RAS International Conference on},
 title = {Small-space controllability of a walking humanoid robot},
 pages = {739--744},
 year = {2011}
}

@inproceedings{sphereDistQuilan,
    TITLE = { Efficient Distance Computation Between Non-Convex Objects},
    AUTHOR = { S. Quilan },
    BOOKTITLE = { Robotics and Automation. ICRA 1994. Proceedings of the IEEE International Conference on },
    PAGES = { 3324--3329 },
    YEAR = { 1994 }
}

@article{gilbertGjk,
  author = {E.G. Gilbert and D.W. Johnson and S.S. Keerthi},
  journal = {IEEE Journal of Robotics and Automation},
  number = {2},
  pages = {193--203},
  title = {A Fast Procedure for Computing the Distance Between Complex Objects
	in Three-Dimensional Space},
  volume = {4},
  year = {1988}
}

@inproceedings{Jaillet12asymptotically-optimalpath,
    author = {L. Jaillet and J. M. Porta},
    title = {Asymptotically-optimal path planning on manifolds},
    booktitle = {in Robotics: Science and Systems},
    year = {2012}
}

@article{KaramanPRMstarRRTstar,
 author = {S. Karaman Sertac and E. Frazzoli},
 title = {Sampling-based Algorithms for Optimal Motion Planning},
 journal = {The International Journal of Robotics Research},
 volume = {30},
 number = {7},
 year = {2011},
 pages = {846--894}
} 

@inproceedings{NieuwenhuisenCyclesRM,
author={D. Nieuwenhuisen and M.H. Overmars},
booktitle={Robotics and Automation, ICRA 2004. 2004. Proceedings IEEE International Conference on},
title={Useful cycles in probabilistic roadmap graphs},
volume={1},
pages={446--452},
year={2004}
}

@inproceedings{JailletPathdeformation,
    author = {L. Jaillet and T. Sim\'{e}on},
    title = {Path deformation roadmaps},
    booktitle = {in Proceedings of the International Workshop on the Algorithmic Foundations of Robotics},
    year = {2006}
}

@article{BrockElasticStrips,
 author = {O. Brock and O. Khatib},
 title = {Elastic Strips: A Framework for Motion Generation in Human Environments},
 journal = {The International Journal of Robotics Research},
 volume = {21},
 number = {12},
 year = {2002},
 pages = {1031--1052}
}

@article{LaumondOptim,
 author = {J.-P. Laumond and N. Mansard and J.B. Lasserre},
 title = {Optimality in Robot Motion: Optimal Versus Optimized Motion},
 journal = {Communications of the ACM},
 volume = {57},
 number = {9},
 year = {2014},
 pages = {82--89},
 pdf = {http://projects.laas.fr/gepetto/uploads/Publications/laumond-mansard-lasserre-2014.pdf}
}

@book{BettsNonlinopt,
 author = {J.T. Betts},
 title = {Practical Methods for Optimal Control and Estimation Using Nonlinear Programming},
 publisher = {Society for Industrial and Applied Mathematics},
 pages = {1--90},
 edition = {2nd},
 year = {2010}
} 

@article{SchulmanConvexOptim,
 author = {J. Schulman and Y. Duan and J. Ho and A. Lee and I. Awwal and H. Bradlow and J. Pan and S. Patil and K. Goldberg and P. Abbeel},
 title = {Motion Planning with Sequential Convex Optimization and Convex Collision Checking},
 journal = {International Journal of Robotics Research},
 volume = {33},
 number = {9},
 year = {2014},
 pages = {1251--1270}
} 

@inproceedings{HauserFastSmooth,
author={K. Hauser and V. Ng-Thow-Hing},
booktitle={Robotics and Automation (ICRA), 2010 IEEE International Conference on},
title={Fast smoothing of manipulator trajectories using optimal bounded-acceleration shortcuts},
pages={2493--2498},
year={2010}
}

@article{PanSmoothSplineShort,
 author = {J. Pan and L. Zhang and D. Manocha},
 title = {Collision-free and Smooth Trajectory Computation in Cluttered Environments},
 journal = {International Journal of Robotics Research},
 volume = {31},
 number = {10},
 year = {2012}
} 

@inproceedings{KalakrishnanStomp,
author={M. Kalakrishnan and S. Chitta and E. Theodorou and P. Pastor and S. Schaal},
title={STOMP: Stochastic trajectory optimization for motion planning},
booktitle={Robotics and Automation (ICRA), 2011 IEEE International Conference on},
pages={4569--4574},
year={2011}
}

@inproceedings{RatliffChomp,
   author = "Nathan Ratliff and M. Zucker and J. Bagnell and S. Srinivasa",
   title = "CHOMP: Gradient Optimization Techniques for Efficient Motion Planning",
   booktitle = "IEEE International Conference on Robotics and Automation (ICRA)",
   year = {2009}
}

@article{chompIjrr,
  author    = {M. Zucker and N. Ratliff and A. Dragan and M. Pivtoraiko and
               M. Klingensmith and C. Dellin and J. Bagnell and S. Srinivasa},
  title     = {{CHOMP:} Covariant Hamiltonian optimization for motion planning},
  journal   = {The International Journal of Robotics Research},
  volume    = {32},
  number    = {9-10},
  pages     = {1164--1193},
  year      = {2013}
}

@inproceedings{kaneharaSmooth,
AUTHOR = "M. Kanehara and S. Kagami and J. Kuffner, S. Thompson and H. Mizoguchi",
TITLE = "Path shortening and smoothing of grid-based path planning with consideration of obstacles",
BOOKTITLE = "SMC'07",
PAGES = {991--996},
YEAR = {2007}
}

@article{potentielBarraquandLatombe,
 author = {J. Barraquand and J.C. Latombe },
 title = {Robot Motion Planning: A Distributed Representation Approach},
 journal = {International Journal of Robotics Research},
 year = {1991},
 volume = {10},
 number = {6},
 pages = {628--649}
} 

@article {visibility-prm,
    AUTHOR = { T. Sim\'{e}on and J.-P. Laumond and C. Nissoux },
    JOURNAL = { Advanced Robotics Journal },
    NUMBER = { 6 },
    TITLE = { Visibility based probabilistic roadmaps for motion planning },
    VOLUME = { 14 },
    YEAR = { 2000 }
}

@inproceedings{damper,
  author       = {B. Faverjon and P. Tournassoud},
  title        = {A Local Based Method for Path Planning of
                 Manipulators with a High Number of Degrees of Freedom},
  booktitle    = {Proceedings IEEE International Conference on Robotics \& Automation},
  pages        = {1152--1159},
  year         = {1987}
}

@inproceedings{cortesDesassemblagerrt,
author={J. Cort\'{e}s and L. Jaillet and T. Sim\'{e}on},
booktitle={Robotics and Automation, 2007 IEEE International Conference on},
title={Molecular Disassembly With Rrt-Like Algorithms},
year={2007},
pages={3301--3306}
}

@inproceedings{cortes-t-rrt,
  author = {L. Jaillet and J. Cort\'{e}s and T. Sim\'{e}on },
  booktitle = {IEEE/RSJ International Conference on Intelligent Robots and Systems, IROS},
  title = {Transition-based RRT for path planning in continuous cost spaces},
  year = {2008}
}

@inproceedings{cortes-drone,
  author = {D. Devaurs and T. Sim\'{e}on and J. Cort\'{e}s},
  booktitle = {ICRA},
  pages = {4120--4125},
  title = {Enhancing the transition-based RRT to deal with complex cost spaces.},
  year = {2013}
}

@article{ref-astar,
  author = {P.E. Hart and N.J. Nilsson and B. Raphael },
  journal = {Systems Science and Cybernetics, IEEE Transactions on},
  number = {2},
  pages = {100--107},
  title = {A Formal Basis for the Heuristic Determination of Minimum Cost Paths},
  volume = {4},
  year = {1968}
}

@inproceedings{rrt-connect,
    author = {J. J. Kuffner and S. M. Lavalle},
    title = {RRT-Connect: An efficient approach to single-query path planning},
    booktitle = { Robotics and Automation, IEEE International Conference on },
    volume = {2},
    year = {2000},
    pages = {995--1001}
}
@article{ref-pianomover,
 author = {J. Schwartz and M. Sharir},
 title = {On the Piano Movers Problem II: General Techniques for Computing Topological Properties of Real Algebraic Manifolds},
 journal = {Advances of Applied Mathematics},
 volume = {4},
 number = {3},
 year = {1983},
 pages = {298--351}
}

@article{ref-spaceconfig,
 author = {T. Lozano-Perez},
 title = {Spatial Planning: A Configuration Space Approach},
 journal = {IEEE Transactions on Computers},
 volume = {32},
 number = {2},
 year = {1983},
 pages = {108--120}
} 

@BOOK{ref-motionplan,
 author = {M. Brady and J. Hollerbach and T. Johnson and T. Lozano-P\'{e}rez and M. T. Masson},
 title = {Robot Motion: Planning and Control},
 year = {1983}
} 

@article {ref-prm,
    AUTHOR = {L.E. Kavraki and P. Svestka and J-C. Latombe and M.H. Overmars },
    JOURNAL = { Robotics and Automation, IEEE Transactions on },
    NUMBER = { 4 },
    TITLE = { Probabilistic roadmaps for path planning in high-dimensional configuration spaces },
    VOLUME = { 12 },
    YEAR = { 1996 }
}

@inproceedings{ref-rrt,
  author       = {S. M. LaValle and J. J. Kuffner},
  title        = {Rapidly-Exploring Random Trees: Progress and Prospects},
  booktitle    = {Algorithmic and Computational Robotics: New Directions},
  pages        = {293--308},
  year         = {2001}
}

@article {yoshida-robotic-08,
    AUTHOR = { E. Yoshida and C. Esteves and I. Belousov and J.-P. Laumond and T. Sakaguchi and K. Yokoi },
    JOURNAL = { IEEE Transaction on Robotics },
    NUMBER = { 5 },
    TITLE = { Planning 3d collision-free dynamic robotic motion through iterative reshaping },
    VOLUME = { 24 },
    YEAR = { 2008 }
}
@article {esteves-animation-06,
    AUTHOR = { C. Esteves and G. Arechavaleta and J. Pettr\'{e} and J.-P. Laumond },
    JOURNAL = { ACM Trans. on Graphics },
    NUMBER = { 2 },
    TITLE = { Animation planning for virtual mannequins cooperation },
    VOLUME = { 25 },
    YEAR = { 2006 }
}

@article {pettre-mannequins-06,
    AUTHOR = { J. Pettr\'{e} and J.-P. Laumond },
    JOURNAL = { Computer Animation and Virtual Worlds },
    TITLE = { A motion capture based control-space approach for walking mannequins },
    VOLUME = { 16 },
    YEAR = { 2006 }
}

@article {laumond-plm-06,
    AUTHOR = { J.-P. Laumond },
    JOURNAL = { Int. Journal on Product Lifecycle Management },
    PAGES = { 129--142 },
    TITLE = { Motion planning for {PLM} : State of the art and perspectives },
    VOLUME = { 1 },
    YEAR = { 2006 }
}
@article {laumond-algorithms-06,
    AUTHOR = { J.-P. Laumond },
    JOURNAL = { iram },
    NUMBER = { 2 },
    TITLE = { A success story of motion planning algorithms },
    VOLUME = { 13 },
    YEAR = { 2006 }
}

@article{convexOptimMotplan,
    author = {J. Schulman and Y. Duan and J. Ho and A. Lee and I. Awwal and H. Bradlow and J. Pan and S. Patil and K. Goldberg and P. Abbeel},
    title = {Motion planning with sequential convex optimization and convex collision checking},
    journal = {The International Journal of Robotics Research},
    year = {2014},
    volume = {28},
    number = {5}
}

@article{Coros09,
    author = {S. Coros and P. Beaudoin and M. van de Panne},
    title = {Robust Task-based Control Policies for Physics-based Characters},
    journal = {ACM Trans. Graph. (Proc. SIGGRAPH Asia)},
    year = {2009},
    volume = {33},
    number = {9},
    pages = {1251--1270}
}

@MISC {Shifrin2011,
    AUTHOR = {T. Shifrin},
    TITLE = {DIFFERENTIAL GEOMETRY: A First Course in Curves and Surfaces},
    YEAR = { 2011 },
    howpublished = {\url{http://www.math.uga.edu/~shifrin/ShifrinDiffGeo.pdf}}
}

@article {kanehiro2008,
    AUTHOR = {F. Kanehiro and F. Lamiraux and O. Kanoun and E. Yoshida and J.-P. Laumond},
    JOURNAL = {Robotics : Science and Systems Conference},
    TITLE = {A local collision avoidance method for non-strictly convex objects},
    YEAR = { 2008 }
}

@article {hansen2006,
    AUTHOR = {N. Hansen},
    JOURNAL = {Towards a New Evolutionary Computation: Advances on Estimation of Distribution Algorithms},
    PAGES = {75-102},
    TITLE = {The \bsc{CMA} \bsc{E}volution \bsc{S}trategy: A Comparing Review},
    YEAR = { 2006 }
}

@BOOK{bloemen2005,
title={Study and implementation of potential field algorithms for autonomous mobile robot navigation},
author={B. Bloemen},
year={2005}
}
@inproceedings{lefebvre2005,
    TITLE = { Fast computation of robot-obstacle interactions in nonholonomic trajectory deformation},
    AUTHOR = { O. Lefebvre and F. Lamiraux and D. Bonnafous },
    BOOKTITLE = { Robotics and Automation. ICRA 2005. Proceedings of the IEEE International Conference on },
    PAGES = { 4612--4617 },
    YEAR = { 2005 }
}
@article{Kavraki2007,
author={K. W. Sok and M. Kim and J. Lee},
journal={ACM Transactions on Graphics (SIGGRAPH 2007) Article 107},
title={Simulating Biped Behaviors from Human Motion Data},
year={2007},
volume={26},
number={3},
pages={566-580}
}
@article{Kavraki1996,
author={L.E. Kavraki and P. Svestka and J.C. Latombe and M.H. Overmars},
journal={Robotics and Automation, IEEE Transactions on},
title={Probabilistic roadmaps for path planning in high-dimensional configuration spaces},
year={1996},
volume={12},
number={4},
pages={566--580}
}
@Article{Unuma1995,
title = {Fourier Principles for Emotion-Based Human Figure Animation},
author = {M. Unuma and K. Aniyo and R. Takeuchi},
journal = {Computer Graphics and Interactive Techniques},
year = {1995},
volume ={62},
pages = {91--96}
}
@Article{Tolani2000,
title = {Real-Time Inverse Kinematics Techniques for Anthropomorphic Limbs},
author = {D. Tolani and A. Goswami and Balder},
journal = {Graphics Models},
year = {2000},
volume ={62},
number =  {5},
pages = {353--388}
}
@Article{Komura2001,
title = {Attaching Physiological Effects to Motion-Captured Data},
author = {T. Komura and Y. Shinagawa},
journal = {Graphics Interface},
year = {2001},
pages = {27--36}
}
@article {Dalibard13,
    AUTHOR = { S. Dalibard and A. El Khoury and F. Lamiraux and A. Nakhaei and M. Ta\"{i}x and J.-P. Laumond },
    JOURNAL = { International Journal of Robotics Research },
    NUMBER = { 9-10 },
    TITLE = { Dynamic Walking and Whole-Body Motion Planning for Humanoid Robots : an Integrated Approach },
    VOLUME = { 32 },
    YEAR = { 2013 }
}
@Article{Grzeszczuk1998,
title = {Neuroanimator: Fast neural network emulation and control of physics-based models},
author = {R. Grzeszczuk and D. Terzopoulos and G. Hinton},
journal = {Proceedings of ACM SIGGRAPH: Computer Graphics},
year = {1998},
pages = {9--20}
}
@Article{DaSilva2012,
title = {Interactive simulation of stylized human locomotion},
author = {M. Da Silva and Y. Abe and Popovic},
journal = {ACM Trans. on Graphics (Proc. SIGGRAPH) 27, 3, Article 82},
year = {2008}
}
@Article{Mordatch2012,
title = {Robust physics-based locomotion using low-dimensional planning},
author = {I. Mordatch and M. de Lasa and A. Hertzmann},
journal = {ACM Trans. Graph. 29, 4, Article 71},
year = {2010}
}
@article{delasa2010,
  author={M. de Lasa and I. Mordatch and A. Hertzmann},
  title={Feature-Based Locomotion Controllers},
  journal={ACM Transactions on Graphics},
  volume={29},
  number={3},
  year={2010}
} 
@Article{Popovic2010,
title = {Terrain-Adaptative Bipedal Locomotion Control},
author = {Z. Popovic and J. chi Wu},
journal = {AMC Trans. Graph.},
year = {2010}
}
@Article{VdPanne2013,
title = {Diverse Motion Variations for Physics-based Character Animation},
author = {S. Agrawal and S. Shen and M. van de Panne},
journal = {Symposium on Computer Animation},
year = {2013}
}
@Article{VdPanne2012,
title = {Terrain Runner: Control, Parameterization, Composition, and Planning for Highly Dynamic Motions},
author = {L. Liu and K. Yin and M. van de Panne and B. Guo},
journal = {ACM Transactions on Graphics (Proc. SIGGRAPH ASIA)},
year = {2012}
}
@Article{VdPanne2010,
title = {Generalized Biped Walking Control},
author = {S. Coros, P. Beaudoin and M. van de Panne},
journal = {ACM Transactions on Graphics (Proc. ACM SIGGRAPH)},
year = {2010}
}
@Article{VdPanne2007,
title = {SIMBICON: Simple Biped Locomotion Control},
author = {K. Yin and K. Loken and M. van de Panne},
journal = {ACM Transactions on Graphics (Proc. ACM SIGGRAPH)},
year = {2007}
}
@inproceedings{VdPanne2005b,
 author = {P. Zhao and Peng and M. van de Panne},
 title = {User Interfaces for Interactive Control of Physics-based 3D Characters},
 booktitle = {Proceedings of the 2005 Symposium on Interactive 3D Graphics and Games},
 year = {2005},
 pages = {87--94}
}
@inproceedings{VdPanne2003,
 author = {P. Zhao and Peng and M. van de Panne},
 title = {Ski stunt simulator : Experiments with interactive dynamics},
 booktitle = {In Proceedings of the 14th Western Computer Graphics Symposium},
 year = {2003}
}

@Article{VdPanne2005,
title = {Interactive Control of Physics-based 3D Characters},
author = {P. Zhao and M. van de Panne},
journal = {I3D: ACM SIGGRAPH Symposium on Interactive 3D Graphics and Games},
year = {2005}
}

@Article{VdPanne2001,
title = {Interactive Control of Physics-based 3D Characters},
author = {P. Faloutsos and M. van de Panne and D. Terzopoulos},
journal = {I3D: ACM SIGGRAPH Symposium on Interactive 3D Graphics and Games},
year = {2001}
}
@PhDThesis{Pettre2003,
title = {Planification de mouvements de marche pour acteurs digitaux},
author = {Julien Pettr\'{e}},
school = {Universit\'{e} Paul Sabatier de Toulouse},
year = {2003}
}
@PhDThesis{Dalibard2011,
title = {Planification de mouvement pour syst\`{e}mes anthropomorphes},
author = {S\'{e}bastien Dalibard},
school = {Institut National Polytechnique de Toulouse (INP Toulouse)},
year = {2011}
}

@PhDThesis{Faloustos2001,
title = {Composable Controllers for Physics-Based Character Animation},
author = {Petros Faloutsos},
school = {University of Toronto},
year = {2001}
}
@PhdThesis{Mansard13:hdr,
      AUTHOR = {Nicolas Mansard},
      TITLE = {Vers une s\'{e}miotique de mouvement comme base de langage de programmation en robotique},
      YEAR = {2013},
      TYPE = {HDR.},
      INSTITUTION = {Universit\'{e} Paul Sabatier de Toulouse}
}
@book{tournassoud1988,
author = {P. Tournassoud},
title = {G\'{e}om\'{e}trie et intelligence artificielle pour les robots},
year = {1988},
pages = {9--20}
}
@MISC{dance,
    author = {A. Shapiro and V. Ng-Thow-Hing and P. Faloutsos},
    title = {Dynamic Animation and Control Environment},
	howpublished = {\url{http://www.arishapiro.com/dance/}}
}

@Book{riemanian-optim2008,
  author = 	 {P.~A. Absil and R.~Mahony and R.~Sepulchre},
  title = 	 {Optimization algorithms on matrix manifolds},
  publisher = 	 {Princeton University Press},
  year = 	 2008}






@PHDTHESIS{Agu95,
   author = {A. J. Agutter},
   title = "The Linguistic Significance of Current {B}ritish Slang",
   school = {Edinburgh University},
   type = {Unpublished doctoral dissertation},
   address = {UK},
   month = {},
   year = {1995},
   note = {},}


@TECHREPORT{aiex00,
   author = {Renata M. Aiex and Ian Frederick Pierce and Giacomo Donizetti and Carlo Maria {{v}on~Weber} and Georges Bizet and Carl Philippe Emanuel Bach and Richard Strauss and Ludwig {{v}an~Beethoven} and Wolfgang Amadeus Mozart and Paul Dukas},
   title = "Computing tools for modelling orchestral performance",
   institution = "University of Cambridge",
   department = "Department of Applied Mathematics and Theoretical Physics",
   type = "",
   number = "DAMTP 2000/NA10",
   address = "Cambridge, UK",
   month = "",
   year = 2000,
   note = "",}


@UNPUBLISHED{aiex02,
   author = {Renata M. Aiex and Mauricio G. C. Resende and Celso C. Ribeiro},
   title = {Probability Distribution of Solution Time in {GRASP}: An Experimental Investigation},
   year = {Preprint 2002},
   note = {To appear in Adv. Math.},
   url = {www.graspintime.com},
   lastchecked = {2002, October 23},
   month = {},}


@ARTICLE{Bar91,
  author = "D. H. Barlow",
  year = "1991",
  title = "Diagnoses, Dimensions, and {DSM-IV} [Special issue]",
  journal = "J Abnormal Psychol",
  volume = "100",
  number ="3",
  month = {},
  doi = {},}


@ARTICLE{ber73,
   author = "K. N. Berk",
   title = "Comparing Subset Regression Procedures",
   journal = "Technometrics",
   year = "1973",
   volume = "20",
   number = "",
   pages = "1--6",
   month = {},
   doi = {},
   note = {}, }


@BOOK{Ber83,
   author = {J. Bertin},
   chaptertitle = {Semiology of Graphs},
   volume = {},
   series = {},
   publisher = {University of Wisconsin Press},
   address = {Madison (WI)},
   edition = {},
   month = {},
   year = {1983},
   translator = {W.J. Berg},
   note ="",}


@ARTICLE{ed84,
   author = "D. M. F. Edwards and Ira Roberto McDonald",
   title = "Positive bases in numerical optimization",
   journal = "Comput. Optim. Appl.",
   volume = "21",
   pages = "169--175",
   month = {},
   year = {1984},
   note = {},}


@BOOK{Eri1984,
  title = {Protocol Analysis: Verbal Reports as Data},
  publisher = {MIT Press},
  year = "1984",
  author = {K. Anders Ericsson and Herbert A. Simon},
  address = {Cambridge (MA)},
  isbn = {9780262550239},}


@ARTICLE{ev94,
   author = "W. A. Evans",
   title = "Approaches to Intelligent Information Retrieval",
   journal = "Inf Process Manag",
   year = {1994},
   volume = "7",
   number = "2",
   pages = "147--168",
   month = {},
   doi = {},
   note = {}, }


@BOOK{GloRib51,
  editor = "Fred Glover and C. C. Ribeiro",
  title = "Lessons of the {B}ritish War Economy",
  volume = {5},
  pages = "1--24",
  publisher = {Greenwood Press},
  edition = {2nd},
  year = {1951},
  address = {Westport (CT)},}


@PHDTHESIS{glov86,
   author = {Fred Glover},
   title = "Hilbert modular forms and the {G}alois representations associated to {H}ilbert--{B}lumenthal abelian varieties",
   school = {Harvard University},
   type = {},
   address = {Cambridge (MA)},
   month = {},
   year = 1986,
   note = {},}


@INCOLLECTION{glov00,
   author = {Fred Glover},
   title = {Multi-start and Strategic Oscillation Methods---Principles to Exploit Adaptive Memory},
   editor = {Manuel Laguna and Jos\'{e} Luis  Gonz\'{a}les-Velarde},
   booktitle = {Computing Tools for Modeling, Optimization and Simulation: Interfaces in Computer Science and Operations Research},
   number = {},
   series = {},
   volume = {2},
   chapter = {},
   type = {},
   pages = "1--24",
   publisher = {Kluwer Academic},
   address = {Boston (MA)},
   edition = {2nd},
   month = {},
   year = {2000},
   note = {},}


@UNPUBLISHED{GHGsoft,
   author = {T. G. Golda and P. D. Hough and G. Gay and Giacomo Donizetti and Carlo Maria {{v}on~Weber} and Georges Bizet and Carl Philippe Emanuel Bach},
   title = {{APPSPACK} (Asynchronous parallel pattern search package)},
   journal = "",
   month = {},
   year = "",
   note = "software available at http://software.sandia.gov/appspack",}


@TECHREPORT{HogEtAl73,
   author = "R. V. Hogg and J. Smith and L. Jones and S. Smith",
   title = "A New Sample Adaptive Distribution-Free Test",
   institution = "University of Iowa",
   department = "Dept. of Statistics",
   number = "24",
   address = "",
   month = "",
   year = "1973",
   note = "",}


@UNPUBLISHED{Holl04,
   author = {M. Holland},
   title = {Guide to Citing Internet Sources},
   publisher = {Bournemouth University, Poole, UK},
   address = {},
   month = {},
   year = "2004",
   url = {http://www.bournemouth.ac.uk/library/using/guide\_to\_citing\_internet\_sourc.html},
   lastchecked = {2012 Nov 4},
   note = {},}


@INPROCEEDINGS{hk97,
   author = "Hudson Kern",
   title = "The Resurgent {J}apanese Economy and a {J}apan--{U}nited {S}tates Free Trade Agreement",
   editor = "C. Lambert and G. Holst",
   booktitle = "{4th International Conference on the Restructuring of the Economic and Political System in Japan and Europe}",
   location = "Milan, Italy, 1996 May 21--25",
   number = "",
   series = "",
   pages ={147--156},
   address = "Singapore",
   organization = "",
   publisher = "World Scientific",
   month = "",
   year = {1997},
   note = {},}


@ARTICLE{Kor95,
   author = "K. B. Korb",
   title = "Persons and Things: Book Review of {B}ringsjord on Robot-consciousness",
   journal = "Psycholoquy",
   year = {1995},
   volume = "6",
   number = "15",
   pages = "",
   month = {},
   url = {http://psycprints.ecs.soton.ac.uk/archive/00000462/},
   lastchecked = {May 29, 2012},
   doi = {},
   note = {}, }


@ARTICLE{Kra92,
   author = "S. J. Kraus",
   year = "1992",
   title = "Visions of Psychology: A Videotext of Classic Studies [Review of the Motion Picture {\em {D}iscovering {P}sychology}]",
   journal = "Contemp Psychol",
   volume = "37",
   pages = "1146--1147",
   doi = {},}


@PHDTHESIS{lam96,
   author = {Leslie Lamport},
   title = "Efficient Algorithms for Layer Assignment Problems",
   institution = "Florida State University",
   department = "Dept. of Statistics",
   type = {unpublished Ph.D. dissertation},
   address = {},
   school = {},
   month = {},
   year = 1996,
   note = {},}


@BOOK{Maz91,
   author = "J. Mazzeo",
   year = "1991",
   title = "Comparability of Computer and Paper-and-Pencil Scores",
   address = "(College Board Rep. No. 91). Princeton, NJ",
   publisher = "Educational Testing Service",}


@BOOK{Mil93,
   author = "M. E. Miller",
   year = "1993",
   title = "The Interactive Tester (Version 4.0) [Computer software]",
   publisher = "Psytek Services",
   address = "Westminster (CA)",}


@INCOLLECTION{cwm73,
   author = {Charles W. Misner},
   title = {Efficient Algorithms for Layer Assignment Problems},
   editor = {Ignatius Gottlob},
   booktitle = {Gravitation in a Collapsing {U}niverse},
   pages = {63--83},
   volume = {5},
   series = {Einstein's Legacy},
   publisher = {Freeman},
   address = {San Francisco (CA)},
   edition = {2},
   month = {},
   year = {1973},
   note = {},}


@ARTICLE{neu83,
   author = "Martin Neumann",
   title = "Parallel {GRASP} with path-relinking for job shop scheduling",
   journal = {Mol. Phys.},
   year = "1983",
   volume = "50",
   number = "4",
   pages = "841--843",
   month = {},
   note = {}, }


@BOOK{fwp02,
   author = {F. W. Patel},
   title = {Banking Technology in an Age of Cynicism},
   volume = {XIII},
   series = {Monographs on Technical Aspects},
   publisher = {Dover},
   address = {New York},
   edition = {},
   month = {},
   year = {2002},
   note = {},}


@INCOLLECTION{PeaEtAl76,
   author = {I. F. Pierce and G. Donizetti and C. M. {{v}on {W}eber} and Fred Glover and A. T. Ogilvy and A. R. S. Clements and C. C. Ribeiro},
   title = {A Model of Output, Employment, Wages and Prices in the {UK}},
   editor = {Manuel Laguna and Jos\'{e} Luis  Gonz\'{a}les-Velarde},
   booktitle = {Computing Tools for Modeling, Optimization and Simulation: Interfaces in Computer Science and Operations Research},
   number = {},
   series = {},
   chapter = {},
   type = {},
   pages = "1--24",
   publisher = {Cambridge University Press},
   address = {Boston (MA)},
   edition = {2nd},
   month = {},
   year = {1976},
   note = {},}


@ARTICLE{rEG90,
   author = "A. A. Regier",
   year = "1990",
   title = "The Epidemiology of Anxiety Disorders",
   journal = "J Psychiatr Res",
   volume = "24",
   number = "Suppl. 2",
   pages = "3--14",
   doi = {},}


@TECHREPORT{Une93,
   author = "Unesco",
   title = "General Information Programme",
   institution = "Unesco",
   type = "",
   number = "",
   address = "Paris",
   month = "",
   year = {1993},
   note = "PGI-93/WS/22",}
